%YAML 1.1
%TAG !u! tag:unity3d.com,2011:
--- !u!114 &2062015914624261791
MonoBehaviour:
  m_ObjectHideFlags: 0
  m_CorrespondingSourceObject: {fileID: 0}
  m_PrefabInstance: {fileID: 0}
  m_PrefabAsset: {fileID: 0}
  m_GameObject: {fileID: 478890813874174727}
  m_Enabled: 1
  m_EditorHideFlags: 0
  m_Script: {fileID: 11500000, guid: 5e21c739d227f774db9649e970105a3e, type: 3}
  m_Name: 
  m_EditorClassIdentifier: 
  newMat: {fileID: 2100000, guid: b425a607f049eb743b986cf48cdd2a0c, type: 2}
--- !u!1 &3436642853152726827
GameObject:
  m_ObjectHideFlags: 0
  m_CorrespondingSourceObject: {fileID: 0}
  m_PrefabInstance: {fileID: 0}
  m_PrefabAsset: {fileID: 0}
  serializedVersion: 6
  m_Component:
  - component: {fileID: 3436642853152726824}
  - component: {fileID: 3436642853152726806}
  - component: {fileID: 3039035457279853027}
  m_Layer: 0
  m_Name: FPSCamera
  m_TagString: MainCamera
  m_Icon: {fileID: 0}
  m_NavMeshLayer: 0
  m_StaticEditorFlags: 0
  m_IsActive: 1
--- !u!4 &3436642853152726824
Transform:
  m_ObjectHideFlags: 0
  m_CorrespondingSourceObject: {fileID: 0}
  m_PrefabInstance: {fileID: 0}
  m_PrefabAsset: {fileID: 0}
  m_GameObject: {fileID: 3436642853152726827}
  m_LocalRotation: {x: 0, y: 0, z: 0, w: 1}
  m_LocalPosition: {x: 0, y: 0.5, z: 0}
  m_LocalScale: {x: 1, y: 1, z: 1}
  m_Children:
  - {fileID: 3436642854286024191}
  m_Father: {fileID: 3436642855090161256}
  m_RootOrder: 0
  m_LocalEulerAnglesHint: {x: 0, y: 0, z: 0}
--- !u!20 &3436642853152726806
Camera:
  m_ObjectHideFlags: 0
  m_CorrespondingSourceObject: {fileID: 0}
  m_PrefabInstance: {fileID: 0}
  m_PrefabAsset: {fileID: 0}
  m_GameObject: {fileID: 3436642853152726827}
  m_Enabled: 1
  serializedVersion: 2
  m_ClearFlags: 2
  m_BackGroundColor: {r: 0.5538448, g: 0.73800266, b: 0.9245283, a: 0}
  m_projectionMatrixMode: 1
  m_GateFitMode: 2
  m_FOVAxisMode: 0
  m_SensorSize: {x: 36, y: 24}
  m_LensShift: {x: 0, y: 0}
  m_FocalLength: 50
  m_NormalizedViewPortRect:
    serializedVersion: 2
    x: 0
    y: 0
    width: 1
    height: 1
  near clip plane: 0.3
  far clip plane: 1000
  field of view: 60
  orthographic: 0
  orthographic size: 5
  m_Depth: -1
  m_CullingMask:
    serializedVersion: 2
    m_Bits: 4294967295
  m_RenderingPath: -1
  m_TargetTexture: {fileID: 0}
  m_TargetDisplay: 0
  m_TargetEye: 3
  m_HDR: 1
  m_AllowMSAA: 1
  m_AllowDynamicResolution: 0
  m_ForceIntoRT: 0
  m_OcclusionCulling: 1
  m_StereoConvergence: 10
  m_StereoSeparation: 0.022
--- !u!114 &3039035457279853027
MonoBehaviour:
  m_ObjectHideFlags: 0
  m_CorrespondingSourceObject: {fileID: 0}
  m_PrefabInstance: {fileID: 0}
  m_PrefabAsset: {fileID: 0}
  m_GameObject: {fileID: 3436642853152726827}
  m_Enabled: 1
  m_EditorHideFlags: 0
  m_Script: {fileID: 11500000, guid: 108bdd28837884a48b7e6eb25c30404a, type: 3}
  m_Name: 
  m_EditorClassIdentifier: 
  rotateLimitX: 30
  rotateLimitY: 30
  rotateSpeed: 30
  smoothSpeed: 4
--- !u!1 &3436642854286024190
GameObject:
  m_ObjectHideFlags: 0
  m_CorrespondingSourceObject: {fileID: 0}
  m_PrefabInstance: {fileID: 0}
  m_PrefabAsset: {fileID: 0}
  serializedVersion: 6
  m_Component:
  - component: {fileID: 3436642854286024191}
  - component: {fileID: 3436642854286024186}
  - component: {fileID: 3436642854286024189}
  - component: {fileID: 3436642854286024188}
  m_Layer: 0
  m_Name: Gun
  m_TagString: Untagged
  m_Icon: {fileID: 0}
  m_NavMeshLayer: 0
  m_StaticEditorFlags: 0
  m_IsActive: 1
--- !u!4 &3436642854286024191
Transform:
  m_ObjectHideFlags: 0
  m_CorrespondingSourceObject: {fileID: 0}
  m_PrefabInstance: {fileID: 0}
  m_PrefabAsset: {fileID: 0}
  m_GameObject: {fileID: 3436642854286024190}
  m_LocalRotation: {x: 0.7071068, y: 0, z: 0, w: 0.7071068}
  m_LocalPosition: {x: 0.5, y: -0.5, z: 0}
  m_LocalScale: {x: 0.3, y: 3, z: 0.3}
  m_Children:
  - {fileID: 8354106475547748981}
  m_Father: {fileID: 3436642853152726824}
  m_RootOrder: 0
  m_LocalEulerAnglesHint: {x: 90, y: 0, z: 0}
--- !u!33 &3436642854286024186
MeshFilter:
  m_ObjectHideFlags: 0
  m_CorrespondingSourceObject: {fileID: 0}
  m_PrefabInstance: {fileID: 0}
  m_PrefabAsset: {fileID: 0}
  m_GameObject: {fileID: 3436642854286024190}
  m_Mesh: {fileID: 10206, guid: 0000000000000000e000000000000000, type: 0}
--- !u!23 &3436642854286024189
MeshRenderer:
  m_ObjectHideFlags: 0
  m_CorrespondingSourceObject: {fileID: 0}
  m_PrefabInstance: {fileID: 0}
  m_PrefabAsset: {fileID: 0}
  m_GameObject: {fileID: 3436642854286024190}
  m_Enabled: 1
  m_CastShadows: 0
  m_ReceiveShadows: 0
  m_DynamicOccludee: 1
  m_MotionVectors: 1
  m_LightProbeUsage: 1
  m_ReflectionProbeUsage: 1
  m_RayTracingMode: 2
  m_RenderingLayerMask: 1
  m_RendererPriority: 0
  m_Materials:
  - {fileID: 2100000, guid: 8a270c54eacc5d24eba65244f128420f, type: 2}
  m_StaticBatchInfo:
    firstSubMesh: 0
    subMeshCount: 0
  m_StaticBatchRoot: {fileID: 0}
  m_ProbeAnchor: {fileID: 0}
  m_LightProbeVolumeOverride: {fileID: 0}
  m_ScaleInLightmap: 1
  m_ReceiveGI: 1
  m_PreserveUVs: 0
  m_IgnoreNormalsForChartDetection: 0
  m_ImportantGI: 0
  m_StitchLightmapSeams: 1
  m_SelectedEditorRenderState: 3
  m_MinimumChartSize: 4
  m_AutoUVMaxDistance: 0.5
  m_AutoUVMaxAngle: 89
  m_LightmapParameters: {fileID: 0}
  m_SortingLayerID: 0
  m_SortingLayer: 0
  m_SortingOrder: 0
--- !u!136 &3436642854286024188
CapsuleCollider:
  m_ObjectHideFlags: 0
  m_CorrespondingSourceObject: {fileID: 0}
  m_PrefabInstance: {fileID: 0}
  m_PrefabAsset: {fileID: 0}
  m_GameObject: {fileID: 3436642854286024190}
  m_Material: {fileID: 0}
  m_IsTrigger: 0
  m_Enabled: 0
  m_Radius: 0.5000001
  m_Height: 2
  m_Direction: 1
  m_Center: {x: 0.000000059604645, y: 0, z: -0.00000008940697}
--- !u!1 &3436642855090161259
GameObject:
  m_ObjectHideFlags: 0
  m_CorrespondingSourceObject: {fileID: 0}
  m_PrefabInstance: {fileID: 0}
  m_PrefabAsset: {fileID: 0}
  serializedVersion: 6
  m_Component:
  - component: {fileID: 3436642855090161256}
  m_Layer: 0
  m_Name: PlayerCollision 1
  m_TagString: Untagged
  m_Icon: {fileID: 0}
  m_NavMeshLayer: 0
  m_StaticEditorFlags: 0
  m_IsActive: 1
--- !u!4 &3436642855090161256
Transform:
  m_ObjectHideFlags: 0
  m_CorrespondingSourceObject: {fileID: 0}
  m_PrefabInstance: {fileID: 0}
  m_PrefabAsset: {fileID: 0}
  m_GameObject: {fileID: 3436642855090161259}
  m_LocalRotation: {x: 0, y: 0, z: 0, w: 1}
  m_LocalPosition: {x: 0, y: 1, z: 0}
  m_LocalScale: {x: 1, y: 1, z: 1}
  m_Children:
  - {fileID: 3436642853152726824}
  m_Father: {fileID: 0}
  m_RootOrder: 0
  m_LocalEulerAnglesHint: {x: 0, y: 0, z: 0}
--- !u!1001 &7377555945864484133
PrefabInstance:
  m_ObjectHideFlags: 0
  serializedVersion: 2
  m_Modification:
    m_TransformParent: {fileID: 3436642854286024191}
    m_Modifications:
    - target: {fileID: 1553152089436372816, guid: 9a70a3f3366d69f4d9488ec50b6bf7ed,
        type: 3}
      propertyPath: m_LocalPosition.x
      value: 0
      objectReference: {fileID: 0}
    - target: {fileID: 1553152089436372816, guid: 9a70a3f3366d69f4d9488ec50b6bf7ed,
        type: 3}
      propertyPath: m_LocalPosition.y
      value: 0
      objectReference: {fileID: 0}
    - target: {fileID: 1553152089436372816, guid: 9a70a3f3366d69f4d9488ec50b6bf7ed,
        type: 3}
      propertyPath: m_LocalPosition.z
      value: 0
      objectReference: {fileID: 0}
    - target: {fileID: 1553152089436372816, guid: 9a70a3f3366d69f4d9488ec50b6bf7ed,
        type: 3}
      propertyPath: m_LocalRotation.x
      value: 0
      objectReference: {fileID: 0}
    - target: {fileID: 1553152089436372816, guid: 9a70a3f3366d69f4d9488ec50b6bf7ed,
        type: 3}
      propertyPath: m_LocalRotation.y
      value: 0
      objectReference: {fileID: 0}
    - target: {fileID: 1553152089436372816, guid: 9a70a3f3366d69f4d9488ec50b6bf7ed,
        type: 3}
      propertyPath: m_LocalRotation.z
      value: 0
      objectReference: {fileID: 0}
    - target: {fileID: 1553152089436372816, guid: 9a70a3f3366d69f4d9488ec50b6bf7ed,
        type: 3}
      propertyPath: m_LocalRotation.w
      value: 1
      objectReference: {fileID: 0}
    - target: {fileID: 1553152089436372816, guid: 9a70a3f3366d69f4d9488ec50b6bf7ed,
        type: 3}
      propertyPath: m_RootOrder
      value: 0
      objectReference: {fileID: 0}
    - target: {fileID: 1553152089436372816, guid: 9a70a3f3366d69f4d9488ec50b6bf7ed,
        type: 3}
      propertyPath: m_LocalEulerAnglesHint.x
      value: 0
      objectReference: {fileID: 0}
    - target: {fileID: 1553152089436372816, guid: 9a70a3f3366d69f4d9488ec50b6bf7ed,
        type: 3}
      propertyPath: m_LocalEulerAnglesHint.y
      value: 0
      objectReference: {fileID: 0}
    - target: {fileID: 1553152089436372816, guid: 9a70a3f3366d69f4d9488ec50b6bf7ed,
        type: 3}
      propertyPath: m_LocalEulerAnglesHint.z
      value: 0
      objectReference: {fileID: 0}
    - target: {fileID: 6973547646551600673, guid: 9a70a3f3366d69f4d9488ec50b6bf7ed,
        type: 3}
      propertyPath: playOnAwake
      value: 0
      objectReference: {fileID: 0}
    - target: {fileID: 6973547646551600675, guid: 9a70a3f3366d69f4d9488ec50b6bf7ed,
        type: 3}
      propertyPath: m_LocalRotation.y
      value: 0
      objectReference: {fileID: 0}
    - target: {fileID: 6973547646551600675, guid: 9a70a3f3366d69f4d9488ec50b6bf7ed,
        type: 3}
      propertyPath: m_LocalRotation.w
      value: 0.7071068
      objectReference: {fileID: 0}
    - target: {fileID: 6973547646551600675, guid: 9a70a3f3366d69f4d9488ec50b6bf7ed,
        type: 3}
      propertyPath: m_LocalEulerAnglesHint.y
      value: 0
      objectReference: {fileID: 0}
    - target: {fileID: 6973547646551600675, guid: 9a70a3f3366d69f4d9488ec50b6bf7ed,
        type: 3}
      propertyPath: m_LocalRotation.x
      value: -0.7071068
      objectReference: {fileID: 0}
    - target: {fileID: 6973547646551600675, guid: 9a70a3f3366d69f4d9488ec50b6bf7ed,
        type: 3}
      propertyPath: m_LocalEulerAnglesHint.x
      value: -90
      objectReference: {fileID: 0}
    - target: {fileID: 8209316518880992067, guid: 9a70a3f3366d69f4d9488ec50b6bf7ed,
        type: 3}
      propertyPath: m_Name
      value: Water
      objectReference: {fileID: 0}
    m_RemovedComponents: []
  m_SourcePrefab: {fileID: 100100000, guid: 9a70a3f3366d69f4d9488ec50b6bf7ed, type: 3}
--- !u!4 &8354106475547748981 stripped
Transform:
  m_CorrespondingSourceObject: {fileID: 1553152089436372816, guid: 9a70a3f3366d69f4d9488ec50b6bf7ed,
    type: 3}
  m_PrefabInstance: {fileID: 7377555945864484133}
  m_PrefabAsset: {fileID: 0}
--- !u!1 &478890813874174727 stripped
GameObject:
  m_CorrespondingSourceObject: {fileID: 6973547646551600674, guid: 9a70a3f3366d69f4d9488ec50b6bf7ed,
    type: 3}
  m_PrefabInstance: {fileID: 7377555945864484133}
  m_PrefabAsset: {fileID: 0}
